@article{MannaArun,
author = {Manna, Arun K. and Balamurugan, D. and Cheung, Margaret S. and Dunietz, Barry D.},
title = {Unraveling the Mechanism of Photoinduced Charge Transfer in Carotenoid–Porphyrin–C60 Molecular Triad},
journal = {The Journal of Physical Chemistry Letters},
volume = {6},
number = {7},
pages = {1231-1237},
year = {2015},
doi = {10.1021/acs.jpclett.5b00074},
    note ={PMID: 26262978},

URL = { 
        https://doi.org/10.1021/acs.jpclett.5b00074
    
},
eprint = { 
        https://doi.org/10.1021/acs.jpclett.5b00074
    
}

}

@article{BrianDomi,
author = {Brian, Dominikus and Sun, Xiang},
title = {Linear-Response and Nonlinear-Response Formulations of the Instantaneous Marcus Theory for Nonequilibrium Photoinduced Charge Transfer},
journal = {Journal of Chemical Theory and Computation},
volume = {17},
number = {4},
pages = {2065-2079},
year = {2021},
doi = {10.1021/acs.jctc.0c01250},
    note ={PMID: 33687212},

URL = { 
        https://doi.org/10.1021/acs.jctc.0c01250
    
},
eprint = { 
        https://doi.org/10.1021/acs.jctc.0c01250
    
}

}

@article{OlguinMarco,
author = {Olguin,Marco  and Basurto,Luis  and Zope,Rajendra R.  and Baruah,Tunna },
title = {The effect of structural changes on charge transfer states in a light-harvesting carotenoid-diaryl-porphyrin-C60 molecular triad},
journal = {The Journal of Chemical Physics},
volume = {140},
number = {20},
pages = {204309},
year = {2014},
doi = {10.1063/1.4876075},

URL = { 
        https://doi.org/10.1063/1.4876075
    
},
eprint = { 
        https://doi.org/10.1063/1.4876075
    
}

}

@article{HuZhubin,
author = {Hu, Zhubin and Tong, Zhengqing and Cheung, Margaret S. and Dunietz, Barry D. and Geva, Eitan and Sun, Xiang},
title = {Photoinduced Charge Transfer Dynamics in the Carotenoid–Porphyrin–C60 Triad via the Linearized Semiclassical Nonequilibrium Fermi’s Golden Rule},
journal = {The Journal of Physical Chemistry B},
volume = {124},
number = {43},
pages = {9579-9591},
year = {2020},
doi = {10.1021/acs.jpcb.0c06306},
    note ={PMID: 33059444},

URL = { 
        https://doi.org/10.1021/acs.jpcb.0c06306
    
},
eprint = { 
        https://doi.org/10.1021/acs.jpcb.0c06306
    
}

}
